
% BibTeX Entries
@book{Potter:2002,
    author      = {Bruce Potter and Bob Fleck},
    isbn        = {0-596-00290-4},
    publisher   = {O'Reilly},
    title       = {802.11 Security},
    year        = {2002},
}

@misc{HTTPWG_CP:2016,
    author          = {{HTTP Working Group}},
    title           = "{Captive Portals}",
    howpublished    = "\url{https://github.com/httpwg/wiki/wiki/Captive-Portals}",
    year            = {2016},
    note            = "[Online; diakses 11-September-2016]"
}

@misc{IETF_HTTP:2016,
    author          = {{Internet Engineering Task Force}},
    title           = "{Hypertext Transfer Protocol (HTTP/1.1): Semantics and Content}",
    howpublished    = "\url{https://tools.ietf.org/html/rfc7231}",
    year            = {2016},
    note            = "[Online; diakses 24-September-2016]"
}

@misc{IETF_HTTP_AdditionalStatus:2016,
    author          = {{Internet Engineering Task Force}},
    title           = "{Additional HTTP Status Codes}",
    howpublished    = "\url{https://tools.ietf.org/html/rfc6585}",
    year            = {2016},
    note            = "[Online; diakses 24-September-2016]"
}

@misc{NET_PRIMER:2016,
    author          = {Rich Lander},
    title           = "{.NET Primer}",
    howpublished    = "\url{https://docs.microsoft.com/en-us/dotnet/articles/standard/index}",
    year            = {2016},
    note            = "[Online; diakses 24-September-2016]"
}

@misc{CLI:2016,
    author          = {{Ecma International}},
    title           = "{Common Language Infrastructure (CLI) Partitions I to IV}",
    howpublished    = "\url{http://www.ecma-international.org/publications/files/ECMA-ST/ECMA-335.pdf}",
    year            = {2016},
    note            = "[Online; diakses 24-September-2016]"
}

@misc{UWP:2016,
    author          = {{Microsoft}},
    title           = "{Intro to the Universal Windows Platform}",
    howpublished    = "\url{https://msdn.microsoft.com/en-us/windows/uwp/get-started/universal-application-platform-guide}",
    year            = {2016},
    note            = "[Online; diakses 24-September-2016]"
}

@misc{WebBrowser:2016,
    author          = {{Microsoft}},
    title           = "{WebBrowser Class}",
    howpublished    = "\url{https://msdn.microsoft.com/en-us/library/system.windows.forms.webbrowser(v=vs.110).aspx}",
    year            = {2016},
    note            = "[Online; diakses 24-September-2016]"
}

@misc{PasswordVault:2016,
    author          = {{Microsoft}},
    title           = "{PasswordVault Class}",
    howpublished    = "\url{https://msdn.microsoft.com/library/windows/apps/br227081}",
    year            = {2016},
    note            = "[Online; diakses 24-September-2016]"
}
